<?xml version="1.0" encoding="UTF-8"?><collection xmlns="http://www.loc.gov/MARC21/slim"><record><leader>00345nam--2200133-i-4500</leader><controlfield tag="001">000023773</controlfield><controlfield tag="002">20161230</controlfield><controlfield tag="005">20161230201035</controlfield><controlfield tag="008">060222s1000------------r-----000-0-eng-d</controlfield><datafield ind1=" " ind2=" " tag="100"><subfield code="a">Kolman, Bernard</subfield></datafield><datafield ind1=" " ind2=" " tag="260"><subfield code="a">Group Theoretical Methods In Physics</subfield></datafield><datafield ind1=" " ind2=" " tag="490"><subfield code="a">New York, Academic Press, 1977. Xiv+668p</subfield></datafield><datafield ind1=" " ind2=" " tag="700"><subfield code="a">Sharp, Robert T</subfield></datafield><datafield ind1=" " ind2=" " tag="852"><subfield code="a">530.1</subfield></datafield></record></collection>